@misc{jj-agile-objetivos,
	author       = {J. J. Merelo},
	title        = {Cómo formular buenos objetivos en un trabajo},
        year         = {2019},
	howpublished = {\url{https://jjmerelo.medium.com/c%C3%B3mo-formular-buenos-objetivos-en-un-trabajo-7e68abf10028}}
}

@misc{jj-agile-manifesto,
	author       = {J. J. Merelo},
	title        = {Agile (data) science: a (draft) manifesto},
        year         = {2022},
	howpublished = {arXiv}
}

@misc{agile-manifest,
	author       = "Kent Beck and Mike Beedle and Arie van Bennekum and Alistair Cockburn and Ward Cunningham and Martin Fowler and James Grenning and Jim Highsmith and Andrew Hunt and Ron Jeffries and Jon Kern and Brian Marick and Robert C. Martin and Steve Mellor and Ken Schwaber and Jeff Sutherland and Dave Thomas",
	title        = {Manifiesto por el Desarrollo Ágil de Software},
        year         = {2001},
	howpublished = {\url{https://agilemanifesto.org/iso/es/manifesto.html}}
}

@misc{jj-design-thinking,
	author       = {J. J. Merelo}, 
	title        = {Curso TDD - Calidad en una aplicación desde el diseño.},
	howpublished = {\url{https://jj.github.io/curso-tdd/temas/dise%C3%B1o.html}}
}

@book{aho1990compiladores,
    author = {Aho, Alfred V. and Sethi, Ravi and Ullman, Jeffrey D.},
    title = {Compiladores: principios, técnicas y herramientas},
    publisher = {Pearson Educación},
    year = {1990}
}

@book{thain2020introduction,
    author = {Thain, Douglas},
    title = {Introduction to Compilers and Language Design: Second Edition},
    year = {2020}
}

@book{coulouris2011distributed,
    author = {Coulouris, George F. and Dollimore, Jean and Kindberg, Tim and Blair, Gordon},
    title = {Distributed Systems: Concepts and Design},
    publisher = {Addison-Wesley Longman},
    year = {2011}
}

@article{lamport1994temporal,
    author = {Lamport, Leslie},
    title = {The Temporal Logic of Actions},
    journal = {ACM Transactions on Programming Languages and Systems (TOPLAS)},
    volume = {16},
    number = {3},
    pages = {872-923},
    year = {1994}
}

@inproceedings{abadi1990axiomatization,
    author = {Abadi, M.},
    title = {An Axiomatization of Lamport's Temporal Logic of Actions},
    editor = {Baeten, J.C.M. and Klop, J.W.},
    booktitle = {CONCUR '90 Theories of Concurrency: Unification and Extension},
    series = {Lecture Notes in Computer Science},
    volume = {458},
    publisher = {Springer},
    address = {Berlin, Heidelberg},
    year = {1990},
    doi = {10.1007/BFb0039051}
}






